@article{urban,
  title={Biology and management of the spotted lanternfly, Lycorma delicatula (Hemiptera: Fulgoridae), in the United States},
  author={Urban, Julie M and Leach, Heather},
  journal={Annual Review of Entomology},
  volume={68},
  number={1},
  pages={151--167},
  year={2023},
  publisher={Annual Reviews}
}


@article{barringer2020worldwide,
  title={Worldwide feeding host plants of spotted lanternfly, with significant additions from North America},
  author={Barringer, Lawrence and Ciafr{\'e}, Claire M},
  journal={Environmental Entomology},
  volume={49},
  number={5},
  pages={999--1011},
  year={2020},
  publisher={Oxford University Press US}
}

@inproceedings{horton2021mcm,
  title={MCM Directorâ€™s Overview of the Mathematical Contest in Modeling: What Advisors Need to Know.},
  author={Horton, Steven B},
  booktitle={2021 Joint Mathematics Meetings (JMM)},
  year={2021},
  organization={AMS}
}