

@article{barringer2020worldwide,
  title={Worldwide feeding host plants of spotted lanternfly, with significant additions from North America},
  author={Barringer, Lawrence and Ciafr{\'e}, Claire M},
  journal={Environmental Entomology},
  volume={49},
  number={5},
  pages={999--1011},
  year={2020},
  publisher={Oxford University Press US}
}

@article{scheff2011assessment,
  title={Assessment of pharmacologic area under the curve when baselines are variable},
  author={Scheff, Jeremy D and Almon, Richard R and DuBois, Debra C and Jusko, William J and Androulakis, Ioannis P},
  journal={Pharmaceutical research},
  volume={28},
  pages={1081--1089},
  year={2011},
  publisher={Springer}
}

@article{turner2020area,
  title={Area under the curve (AUC)},
  author={Turner, J Rick},
  journal={Encyclopedia of Behavioral Medicine},
  pages={146--146},
  year={2020},
  publisher={Springer}
}

@misc{MonTon,
  title = {DSNY Monthly Tonnage Data},
  howpublished = {\url{https://data.cityofnewyork.us/City-Government/DSNY-Monthly-Tonnage-Data/ebb7-mvp5/about_data}},
  note = {Accessed: 2024-11-11}
}

@misc{RatHeat,
  title = {Rats, Heat Map},
  howpublished = {\url{https://data.cityofnewyork.us/Social-Services/Rats-Heat-Map/g642-4e55}},
  note = {Accessed: 2024-11-11}
}

@misc{Districts,
  title = {DSNY Districts},
  howpublished = {\url{https://data.cityofnewyork.us/City-Government/DSNY-Districts/i6mn-amj2/about_data}},
  note = {Accessed: 2024-11-11}
}

@misc{Freq,
  title = {DSNY Frequencies},
  howpublished = {\url{https://data.cityofnewyork.us/City-Government/DSNY-Frequencies/rv63-53db/about_data}},
  note = {Accessed: 2024-11-11}
}

@inproceedings{hossain2019autonomous,
  title={Autonomous trash collector based on object detection using deep neural network},
  author={Hossain, Shamima and Debnath, Bidya and Anika, Adrita and Junaed-Al-Hossain, Md and Biswas, Sabyasachi and Shahnaz, Celia},
  booktitle={TENCON 2019-2019 IEEE Region 10 Conference (TENCON)},
  pages={1406--1410},
  year={2019},
  organization={IEEE}
}